% bmc_article.bib
% 
%  An example of bibtex entries.
%  Entries taken from BMC instructions for authors page.

% uncomment next line to make author-year bibliography
% @settings{label, options="nameyear"}

%%%%%%%%
% Webpage Link / URL
%
@webpage{mouse,
	title  = {The Mouse Tumor Biology Database},
	url = {\url{http://tumor.informatics.jax.org/cancer\_links.html}}
}

@article{Anders2010,
  title={Differential expression analysis for sequence count data},
  author={Anders, Simon and Huber, Wolfgang},
  journal={Genome biology},
  volume={11},
  number={10},
  pages={R106},
  year={2010},
  publisher={BioMed Central}
}

@article{Anders2012,
  title={Detecting differential usage of exons from RNA-seq data},
  author={Anders, Simon and Reyes, Alejandro and Huber, Wolfgang},
  journal={Genome research},
  pages={gr--133744},
  year={2012},
  publisher={Cold Spring Harbor Lab}
}

@article{Baggerly,
  title={Deriving chemosensitivity from cell lines: Forensic bioinformatics and reproducible research in high-throughput biology},
  author={Baggerly, Keith A and Coombes, Kevin R},
  journal={The Annals of Applied Statistics},
  pages={1309--1334},
  year={2009},
  publisher={JSTOR}
}

@article{Brown,
  title={Developmental profiling of gene expression in soybean trifoliate leaves and cotyledons},
  author={Brown, Anne V and Hudson, Karen A},
  journal={BMC plant biology},
  volume={15},
  number={1},
  pages={169},
  year={2015},
  publisher={BioMed Central}
}

@article{Bullard,
  title={Evaluation of statistical methods for normalization and differential expression in mRNA-Seq experiments},
  author={Bullard, James H and Purdom, Elizabeth and Hansen, Kasper D and Dudoit, Sandrine},
  journal={BMC bioinformatics},
  volume={11},
  number={1},
  pages={94},
  year={2010},
  publisher={BioMed Central}
}

@article{Chandrasekhar,
  title={Effective clustering algorithms for gene expression data},
  author={Chandrasekhar, T and Thangavel, K and Elayaraja, E},
  journal={arXiv preprint arXiv:1201.4914},
  year={2012}
}

@article{Cook,
  title={Exploring gene expression data, using plots},
  author={Cook, Dianne and Hofmann, Heike and Lee, Eun-Kyung and Yang, Hao and Nikolau, Basil and Wurtele, Eve},
  journal={Journal of Data Science},
  volume={5},
  number={2},
  pages={151},
  year={2007}
}

@inproceedings{deSouto,
  title={Comparative study on normalization procedures for cluster analysis of gene expression datasets},
  author={de Souto, Marcilio CP and de Araujo, Daniel SA and Costa, Ivan G and Soares, Rodrigo GF and Ludermir, Teresa B and Schliep, Alexander},
  booktitle={Neural Networks, 2008. IJCNN 2008.(IEEE World Congress on Computational Intelligence). IEEE International Joint Conference on},
  pages={2792--2798},
  year={2008},
  organization={IEEE}
}

@article{Hansen,
  title={Biases in Illumina transcriptome sequencing caused by random hexamer priming},
  author={Hansen, Kasper D and Brenner, Steven E and Dudoit, Sandrine},
  journal={Nucleic acids research},
  volume={38},
  number={12},
  pages={e131--e131},
  year={2010},
  publisher={Oxford University Press}
}

@article{Huber,
  title={Orchestrating high-throughput genomic analysis with Bioconductor},
  author={Huber, Wolfgang and Carey, Vincent J and Gentleman, Robert and Anders, Simon and Carlson, Marc and Carvalho, Benilton S and Bravo, Hector Corrada and Davis, Sean and Gatto, Laurent and Girke, Thomas and others},
  journal={Nature methods},
  volume={12},
  number={2},
  pages={115},
  year={2015},
  publisher={Nature Publishing Group}
} 

@article{Ioannidis,
  title={Repeatability of published microarray gene expression analyses},
  author={Ioannidis, John PA and Allison, David B and Ball, Catherine A and Coulibaly, Issa and Cui, Xiangqin and Culhane, Aed{\'\i}n C and Falchi, Mario and Furlanello, Cesare and Game, Laurence and Jurman, Giuseppe and others},
  journal={Nature genetics},
  volume={41},
  number={2},
  pages={149},
  year={2009},
  publisher={Nature Publishing Group}
}

@article{Law,
  title={voom: Precision weights unlock linear model analysis tools for RNA-seq read counts},
  author={Law, Charity W and Chen, Yunshun and Shi, Wei and Smyth, Gordon K},
  journal={Genome biology},
  volume={15},
  number={2},
  pages={R29},
  year={2014},
  publisher={BioMed Central}
}

@article{Love,
  title={Moderated estimation of fold change and dispersion for RNA-seq data with DESeq2},
  author={Love, Michael I and Huber, Wolfgang and Anders, Simon},
  journal={Genome biology},
  volume={15},
  number={12},
  pages={550},
  year={2014},
  publisher={BioMed Central}
}

@article{Marioni,
  title={RNA-seq: an assessment of technical reproducibility and comparison with gene expression arrays},
  author={Marioni, John C and Mason, Christopher E and Mane, Shrikant M and Stephens, Matthew and Gilad, Yoav},
  journal={Genome research},
  year={2008},
  publisher={Cold Spring Harbor Lab}
}

@article{McIntyre,
  title={RNA-seq: technical variability and sampling},
  author={McIntyre, Lauren M and Lopiano, Kenneth K and Morse, Alison M and Amin, Victor and Oberg, Ann L and Young, Linda J and Nuzhdin, Sergey V},
  journal={BMC genomics},
  volume={12},
  number={1},
  pages={293},
  year={2011},
  publisher={BioMed Central}
}

@article{Morin,
  title={Profiling the HeLa S3 transcriptome using randomly primed cDNA and massively parallel short-read sequencing},
  author={Morin, Ryan D and Bainbridge, Matthew and Fejes, Anthony and Hirst, Martin and Krzywinski, Martin and Pugh, Trevor J and McDonald, Helen and Varhol, Richard and Jones, Steven JM and Marra, Marco A},
  journal={Biotechniques},
  volume={45},
  number={1},
  pages={81--94},
  year={2008},
  publisher={Future Science}
}

@article{Oshlack,
  title={From RNA-seq reads to differential expression results},
  author={Oshlack, Alicia and Robinson, Mark D and Young, Matthew D},
  journal={Genome biology},
  volume={11},
  number={12},
  pages={220},
  year={2010},
  publisher={BioMed Central}
}

@article{Pan,
  title={Deep surveying of alternative splicing complexity in the human transcriptome by high-throughput sequencing},
  author={Pan, Qun and Shai, Ofer and Lee, Leo J and Frey, Brendan J and Blencowe, Benjamin J},
  journal={Nature genetics},
  volume={40},
  number={12},
  pages={1413},
  year={2008},
  publisher={Nature Publishing Group}
}

@article{Risso,
  title={GC-content normalization for RNA-Seq data},
  author={Risso, Davide and Schwartz, Katja and Sherlock, Gavin and Dudoit, Sandrine},
  journal={BMC bioinformatics},
  volume={12},
  number={1},
  pages={480},
  year={2011},
  publisher={BioMed Central}
}

@article{Ritchie,
  title={limma powers differential expression analyses for RNA-sequencing and microarray studies},
  author={Ritchie, Matthew E and Phipson, Belinda and Wu, Di and Hu, Yifang and Law, Charity W and Shi, Wei and Smyth, Gordon K},
  journal={Nucleic acids research},
  volume={43},
  number={7},
  pages={e47--e47},
  year={2015},
  publisher={Oxford University Press}
}

@article{Robertson,
  title={De novo assembly and analysis of RNA-seq data},
  author={Robertson, Gordon and Schein, Jacqueline and Chiu, Readman and Corbett, Richard and Field, Matthew and Jackman, Shaun D and Mungall, Karen and Lee, Sam and Okada, Hisanaga Mark and Qian, Jenny Q and others},
  journal={Nature methods},
  volume={7},
  number={11},
  pages={909},
  year={2010},
  publisher={Nature Publishing Group}
}

@article{RobinsonOshlack,
  title={A scaling normalization method for differential expression analysis of RNA-seq data},
  author={Robinson, Mark D and Oshlack, Alicia},
  journal={Genome biology},
  volume={11},
  number={3},
  pages={R25},
  year={2010},
  publisher={BioMed Central}
}

@article{Robinson,
  title={edgeR: a Bioconductor package for differential expression analysis of digital gene expression data},
  author={Robinson, Mark D and McCarthy, Davis J and Smyth, Gordon K},
  journal={Bioinformatics},
  volume={26},
  number={1},
  pages={139--140},
  year={2010},
  publisher={Oxford University Press}
}

@article{Schurch,
  title={How many biological replicates are needed in an RNA-seq experiment and which differential expression tool should you use?},
  author={Schurch, Nicholas J and Schofield, Piet{\'a} and Gierli{\'n}ski, Marek and Cole, Christian and Sherstnev, Alexander and Singh, Vijender and Wrobel, Nicola and Gharbi, Karim and Simpson, Gordon G and Owen-Hughes, Tom and others},
  journal={Rna},
  year={2016},
  publisher={Cold Spring Harbor Lab}
}

@article{Shneiderman,
  title={Inventing discovery tools: combining information visualization with data mining},
  author={Shneiderman, Ben},
  journal={Information visualization},
  volume={1},
  number={1},
  pages={5--12},
  year={2002},
  publisher={SAGE Publications Sage UK: London, England}
}

@article{Trapnell2013,
  title={Differential analysis of gene regulation at transcript resolution with RNA-seq},
  author={Trapnell, Cole and Hendrickson, David G and Sauvageau, Martin and Goff, Loyal and Rinn, John L and Pachter, Lior},
  journal={Nature biotechnology},
  volume={31},
  number={1},
  pages={46},
  year={2013},
  publisher={Nature Publishing Group}
}

@article{Trapnell2012,
  title={Differential gene and transcript expression analysis of RNA-seq experiments with TopHat and Cufflinks},
  author={Trapnell, Cole and Roberts, Adam and Goff, Loyal and Pertea, Geo and Kim, Daehwan and Kelley, David R and Pimentel, Harold and Salzberg, Steven L and Rinn, John L and Pachter, Lior},
  journal={Nature protocols},
  volume={7},
  number={3},
  pages={562},
  year={2012},
  publisher={Nature Publishing Group}
}

@article{Wang,
  title={RNA-Seq: a revolutionary tool for transcriptomics},
  author={Wang, Zhong and Gerstein, Mark and Snyder, Michael},
  journal={Nature reviews genetics},
  volume={10},
  number={1},
  pages={57},
  year={2009},
  publisher={Nature Publishing Group}
}

@book{ggplot2,
  title={ggplot2: elegant graphics for data analysis},
  author={Wickham, Hadley},
  year={2016},
  publisher={Springer}
}

@article{Zhao,
  title={Comparison of RNA-Seq and microarray in transcriptome profiling of activated T cells},
  author={Zhao, Shanrong and Fung-Leung, Wai-Ping and Bittner, Anton and Ngo, Karen and Liu, Xuejun},
  journal={PloS one},
  volume={9},
  number={1},
  pages={e78644},
  year={2014},
  publisher={Public Library of Science}
}

@webpage{Lauter16,
    author = {Moran Lauter, Adrienne N and Graham, Michelle A},
	title = {NCBI SRA bioproject accession: PRJNA318409},
	url = {https://www.ncbi.nlm.nih.gov/bioproject/PRJNA318409},
	urldate = {2018-12-20},
}

@webpage{R,
    author = {R Core Team},
	title = {A language and environment for statistical computing},
	url = {https://www.R-project.org},
	urldate = {2018-12-20},
}

@webpage{bigPint,
    author = {Rutter, Lindsay and Cook, Dianne},
	title = {bigPint: Make big data pint-sized},
	url = {https://lindsayrutter.github.io/bigPint},
	urldate = {2018-12-20},
}

@webpage{bigPint2,
    author = {Rutter, Lindsay and Cook, Dianne},
	title = {Recommended RNA-seq pipeline},
	url = {https://lindsayrutter.github.io/bigPint/articles/pipeline.html},
	urldate = {2018-12-20},
}

@webpage{scatmat,
    author = {Rutter, Lindsay and Cook, Dianne},
	url = {https://rnaseqvisualization.shinyapps.io/scatmat},
	urldate = {2018-12-20},
}

@webpage{litrecluster1,
    author = {Rutter, Lindsay and Cook, Dianne},
	url = {https://rnaseqvisualization.shinyapps.io/litrecluster1},
	urldate = {2018-12-20},
}

@webpage{litrecluster2,
    author = {Rutter, Lindsay and Cook, Dianne},
	url = {https://rnaseqvisualization.shinyapps.io/litrecluster2},
	urldate = {2018-12-20},
}

@webpage{litrecluster3,
    author = {Rutter, Lindsay and Cook, Dianne},
	url = {https://rnaseqvisualization.shinyapps.io/litrecluster3},
	urldate = {2018-12-20},
}

@webpage{litrecluster4,
    author = {Rutter, Lindsay and Cook, Dianne},
	url = {https://rnaseqvisualization.shinyapps.io/litrecluster4},
	urldate = {2018-12-20},
}

@article{bioconductor,
  title={Bioconductor: open software development for computational biology and bioinformatics},
  author={Gentleman, Robert C and Carey, Vincent J and Bates, Douglas M and Bolstad, Ben and Dettling, Marcel and Dudoit, Sandrine and Ellis, Byron and Gautier, Laurent and Ge, Yongchao and Gentry, Jeff and others},
  journal={Genome biology},
  volume={5},
  number={10},
  pages={R80},
  year={2004},
  publisher={BioMed Central}
}

@webpage{htmlwidgets,
  title={htmlwidgets: HTML Widgets for R, 2016},
  author={Vaidyanathan, Ramnath and Xie, Yihui and Allaire, JJ and Cheng, Joe and Russell, Kenton},
  url={https://cran.r-project.org/package=htmlwidgets},
  urldate = {2018-12-20}
}

@webpage{plotly,
  title={plotly: Create Interactive Web Graphics via 'plotly.js'},
  author={Sievert, Carson and Parmer, Chris and Hocking, Toby and Chamberlain, Scott and Ram, Karthik and Corvellec, Marianne and Despouy, Pedro},
  url={https://cran.r-project.org/package=plotly},
  urldate = {2018-12-20}
}

@webpage{shiny,
  title={shiny: Web application framework for R [Computer software]},
  author={Chang, W and Cheng, J and Allaire, JJ and Xie, Y and McPherson, J},
  url = {https://cran.r-project.org/package=shiny},
  urldate = {2018-12-20}
}

@webpage{pkgdown,
  title={pkgdown: Make static HTML documentation for a package},
  author={Wickham, H and Hesselberth, J},
  url={https://cran.r-project.org/package=pkgdown},
  urldate={2018-12-20}
}

@webpage{rstudio,
  title={RStudio: integrated development for R},
  url={http://www.rstudio.com},
  urldate={2018-12-20}
}

@article{rutter2019transcriptomic,
  title={Transcriptomic responses to diet quality and viral infection in Apis mellifera},
  author={Rutter, Lindsay and Carrillo-Tripp, Jimena and Bonning, Bryony C and Cook, Dianne and Toth, Amy L and Dolezal, Adam G},
  journal={BMC genomics},
  volume={20},
  number={1},
  pages={412},
  year={2019},
  publisher={BioMed Central}
}

